@inproceedings{DBLP:conf/fase/BliudzeBHRS23,
  author       = {Simon Bliudze and
                  Petra van den Bos and
                  Marieke Huisman and
                  Robert Rubbens and
                  Larisa Safina},
  editor       = {Leen Lambers and
                  Sebasti{\'{a}}n Uchitel},
  title        = {JavaBIP meets VerCors: Towards the Safety of Concurrent Software Systems
                  in Java},
  booktitle    = {Fundamental Approaches to Software Engineering - 26th International
                  Conference, {FASE} 2023, Held as Part of the European Joint Conferences
                  on Theory and Practice of Software, {ETAPS} 2023, Paris, France, April
                  22-27, 2023, Proceedings},
  series       = {Lecture Notes in Computer Science},
  volume       = {13991},
  pages        = {143--150},
  publisher    = {Springer},
  year         = {2023},
  url          = {https://doi.org/10.1007/978-3-031-30826-0\_8},
  doi          = {10.1007/978-3-031-30826-0\_8},
  timestamp    = {Sat, 13 May 2023 01:07:19 +0200},
  biburl       = {https://dblp.org/rec/conf/fase/BliudzeBHRS23.bib},
  bibsource    = {dblp computer science bibliography, https://dblp.org}
}

