@inproceedings{DBLP:conf/pdp/AmighiBH16,
  author    = {Afshin Amighi and Stefan Blom and Marieke Huisman},
  title     = {VerCors: {A} Layered Approach to Practical Verification of Concurrent
               Software},
  booktitle = {{PDP}},
  pages     = {495--503},
  publisher = {{IEEE} Computer Society},
  year      = {2016},
  url       = {https://ieeexplore.ieee.org/abstract/document/7445381}
}
