@inproceedings{SafariOH21,
  author    = {Mohsen Safari and
               Wytse Oortwijn and
               Marieke Huisman},
  editor    = {Cezara Dragoi and
               Suvam Mukherjee and
               Kedar S. Namjoshi},
  title     = {Automated Verification of the Parallel Bellman-Ford Algorithm},
  booktitle = {Static Analysis - 28th International Symposium, {SAS} 2021, Chicago,
               IL, USA, October 17-19, 2021, Proceedings},
  series    = {Lecture Notes in Computer Science},
  volume    = {12913},
  pages     = {346--358},
  publisher = {Springer},
  year      = {2021},
  url       = {https://doi.org/10.1007/978-3-030-88806-0\_17},
  doi       = {10.1007/978-3-030-88806-0\_17},
  timestamp = {Mon, 18 Oct 2021 08:49:55 +0200},
  biburl    = {https://dblp.org/rec/conf/sas/SafariOH21.bib},
  bibsource = {dblp computer science bibliography, https://dblp.org}
}